@article{shi2016benchmarking,
  title={Benchmarking state-of-the-art deep learning software tools},
  author={Shi, Shaohuai and Wang, Qiang and Xu, Pengfei and Chu, Xiaowen},
  journal={arXiv preprint arXiv:1608.07249},
  year={2016}
}

@article{abadi2016tensorflow,
  title={Tensorflow: Large-scale machine learning on heterogeneous distributed systems},
  author={Abadi, Mart{\'\i}n and Agarwal, Ashish and Barham, Paul and Brevdo, Eugene and Chen, Zhifeng and Citro, Craig and Corrado, Greg S and Davis, Andy and Dean, Jeffrey and Devin, Matthieu and others},
  journal={arXiv preprint arXiv:1603.04467},
  year={2016}
}

@inproceedings{jia2014caffe,
  title={Caffe: Convolutional architecture for fast feature embedding},
  author={Jia, Yangqing and Shelhamer, Evan and Donahue, Jeff and Karayev, Sergey and Long, Jonathan and Girshick, Ross and Guadarrama, Sergio and Darrell, Trevor},
  booktitle={Proceedings of the 22nd ACM international conference on Multimedia},
  pages={675--678},
  year={2014},
  organization={ACM}
}

@techreport{collobert2002torch,
  title={Torch: a modular machine learning software library},
  author={Collobert, Ronan and Bengio, Samy and Mari{\'e}thoz, Johnny},
  year={2002},
  institution={Idiap}
}

@article{chen2015mxnet,
  title={Mxnet: A flexible and efficient machine learning library for heterogeneous distributed systems},
  author={Chen, Tianqi and Li, Mu and Li, Yutian and Lin, Min and Wang, Naiyan and Wang, Minjie and Xiao, Tianjun and Xu, Bing and Zhang, Chiyuan and Zhang, Zheng},
  journal={arXiv preprint arXiv:1512.01274},
  year={2015}
}

@mastersthesis{sastre2017scalability,
   title={Scalability study of Deep Learning algorithms in high performance computer infrastructures},
   author={Sastre Cabot, Francesc},
   year={2017},
   school={Universitat Polit{`e}cnica de Catalunya}

}

